% REFERENCIA BIBLIOGRÁFICAS DE LIVROS E ARTIGOS
% ROGER L. GARAY-AVENDAÑO
%*************************************** LIVROS *************************************************************

@BOOK{Stratton:02,
title={Electromagnetic Theory (Pure and Applied Physics)},
author={Julius Adams Stratton},
publisher={Mcgraw-Hill College, New York},
month={1941},
year={p. 356},
edition={1st},
}

@BOOK{Jackson:03,
title={Classical Electrodynamics Third Edition},
author={John David Jackson},
publisher={Wiley},
year={1998},
month={8},
edition={3},
isbn={9780471309321},
totalpages={808},
}


@BOOK{Figueroa:05,
title={Localized Waves (Wiley Series in Microwave and Optical Engineering)},
editor={Hugo E. Hern\'andez-Figueroa and Michel Zamboni-Rached and Erasmo Recami},
publisher={Wiley-Interscience},
year={2008},
month={2},
edition={1},
isbn={9780470108857},
totalpages={369},
}

%***********************************************************************************************************
%**************************************** ARTIGOS **********************************************************

%************* Feixes não paraxiais, limite de resolução na litografía *************************************
@article{Sochacki:1,
author = {J. Sochacki and A. Ko{\l}odziejczyk and Z. Jaroszewicz and S. Bar\'{a}},
journal = {Appl. Opt.},
keywords = {},
number = {25},
pages = {5326--5330},
publisher = {OSA},
title = {Nonparaxial design of generalized axicons},
volume = {31},
month = {Sep},
year = {1992},
doi = {10.1364/AO.31.005326},
}


